[gd_scene load_steps=24 format=2]

[ext_resource path="res://Main.gd" type="Script" id=1]
[ext_resource path="res://Tiles/Tile1.png" type="Texture" id=2]
[ext_resource path="res://Enemy.tscn" type="PackedScene" id=3]
[ext_resource path="res://Upgrade.tscn" type="PackedScene" id=4]
[ext_resource path="res://UpgradeSprites/Jump-0001.png" type="Texture" id=5]
[ext_resource path="res://UpgradeSprites/Sword-0001.png" type="Texture" id=6]
[ext_resource path="res://UpgradeSprites/DoubleJump-0001.png" type="Texture" id=7]
[ext_resource path="res://UpgradeSprites/Goal-0001.png" type="Texture" id=8]
[ext_resource path="res://DestroyableWall.tscn" type="PackedScene" id=9]
[ext_resource path="res://Player.tscn" type="PackedScene" id=10]
[ext_resource path="res://HP Bar.gd" type="Script" id=11]
[ext_resource path="res://UI Sprites/Heart-0001.png" type="Texture" id=12]
[ext_resource path="res://UI Sprites/Heart-0002.png" type="Texture" id=13]
[ext_resource path="res://fonts/Mansalva-Regular.ttf" type="DynamicFontData" id=14]
[ext_resource path="res://ParallaxBackground.tscn" type="PackedScene" id=15]
[ext_resource path="res://Sounds/music.ogg" type="AudioStream" id=16]

[sub_resource type="ConvexPolygonShape2D" id=1]
points = PoolVector2Array( 0, 0, 64, 0, 64, 64, 0, 64 )

[sub_resource type="TileSet" id=2]
0/name = "Tile1.png 0"
0/texture = ExtResource( 2 )
0/tex_offset = Vector2( 0, 0 )
0/modulate = Color( 1, 1, 1, 1 )
0/region = Rect2( 0, 0, 64, 64 )
0/tile_mode = 0
0/occluder_offset = Vector2( 0, 0 )
0/navigation_offset = Vector2( 0, 0 )
0/shapes = [ {
"autotile_coord": Vector2( 0, 0 ),
"one_way": false,
"one_way_margin": 1.0,
"shape": SubResource( 1 ),
"shape_transform": Transform2D( 1, 0, 0, 1, 0, 0 )
} ]
0/z_index = 0

[sub_resource type="Animation" id=3]
resource_name = "CanJump"

[sub_resource type="Animation" id=4]
length = 4.0
tracks/0/type = "value"
tracks/0/path = NodePath(".:color")
tracks/0/interp = 1
tracks/0/loop_wrap = true
tracks/0/imported = false
tracks/0/enabled = true
tracks/0/keys = {
"times": PoolRealArray( 0, 2 ),
"transitions": PoolRealArray( 1, 1 ),
"update": 0,
"values": [ Color( 0, 0, 0, 0 ), Color( 0, 0, 0, 1 ) ]
}
tracks/1/type = "value"
tracks/1/path = NodePath(".:visible")
tracks/1/interp = 1
tracks/1/loop_wrap = true
tracks/1/imported = false
tracks/1/enabled = true
tracks/1/keys = {
"times": PoolRealArray( 0 ),
"transitions": PoolRealArray( 1 ),
"update": 1,
"values": [ true ]
}
tracks/2/type = "value"
tracks/2/path = NodePath("../YouDied:visible")
tracks/2/interp = 1
tracks/2/loop_wrap = true
tracks/2/imported = false
tracks/2/enabled = true
tracks/2/keys = {
"times": PoolRealArray( 1 ),
"transitions": PoolRealArray( 1 ),
"update": 1,
"values": [ true ]
}
tracks/3/type = "value"
tracks/3/path = NodePath("../StartOver:visible")
tracks/3/interp = 1
tracks/3/loop_wrap = true
tracks/3/imported = false
tracks/3/enabled = true
tracks/3/keys = {
"times": PoolRealArray( 1.9 ),
"transitions": PoolRealArray( 1 ),
"update": 1,
"values": [ true ]
}
tracks/4/type = "value"
tracks/4/path = NodePath("../Quit:visible")
tracks/4/interp = 1
tracks/4/loop_wrap = true
tracks/4/imported = false
tracks/4/enabled = true
tracks/4/keys = {
"times": PoolRealArray( 2.5 ),
"transitions": PoolRealArray( 1 ),
"update": 1,
"values": [ true ]
}
tracks/5/type = "value"
tracks/5/path = NodePath("../YouDied:percent_visible")
tracks/5/interp = 1
tracks/5/loop_wrap = true
tracks/5/imported = false
tracks/5/enabled = true
tracks/5/keys = {
"times": PoolRealArray( 1, 1.8 ),
"transitions": PoolRealArray( 1, 1 ),
"update": 0,
"values": [ 0.0, 1.0 ]
}

[sub_resource type="Animation" id=5]
length = 4.0
tracks/0/type = "value"
tracks/0/path = NodePath(".:color")
tracks/0/interp = 1
tracks/0/loop_wrap = true
tracks/0/imported = false
tracks/0/enabled = true
tracks/0/keys = {
"times": PoolRealArray( 0, 1, 3 ),
"transitions": PoolRealArray( 1, 1, 1 ),
"update": 0,
"values": [ Color( 0, 0, 0, 1 ), Color( 0, 0, 0, 1 ), Color( 0, 0, 0, 0 ) ]
}
tracks/1/type = "value"
tracks/1/path = NodePath(".:visible")
tracks/1/interp = 1
tracks/1/loop_wrap = true
tracks/1/imported = false
tracks/1/enabled = true
tracks/1/keys = {
"times": PoolRealArray( 0, 3.1 ),
"transitions": PoolRealArray( 1, 1 ),
"update": 1,
"values": [ true, false ]
}
tracks/2/type = "value"
tracks/2/path = NodePath("../Welcome:visible")
tracks/2/interp = 1
tracks/2/loop_wrap = true
tracks/2/imported = false
tracks/2/enabled = true
tracks/2/keys = {
"times": PoolRealArray( 0, 2.3 ),
"transitions": PoolRealArray( 1, 1 ),
"update": 1,
"values": [ true, false ]
}

[sub_resource type="DynamicFont" id=6]
size = 72
font_data = ExtResource( 14 )

[sub_resource type="DynamicFont" id=7]
size = 32
font_data = ExtResource( 14 )

[node name="Main" type="Node2D"]
script = ExtResource( 1 )

[node name="WorldTerrain" type="TileMap" parent="."]
tile_set = SubResource( 2 )
format = 1
tile_data = PoolIntArray( -786440, 0, 0, -851957, 0, 0, -851937, 0, 0, -720904, 0, 0, -786421, 0, 0, -786401, 0, 0, -655368, 0, 0, -720885, 0, 0, -720865, 0, 0, -589832, 0, 0, -655349, 0, 0, -655329, 0, 0, -524296, 0, 0, -589813, 0, 0, -589793, 0, 0, -458760, 0, 0, -524277, 0, 0, -524257, 0, 0, -393224, 0, 0, -458741, 0, 0, -458721, 0, 0, -327688, 0, 0, -393205, 0, 0, -393185, 0, 0, -262152, 0, 0, -327669, 0, 0, -327649, 0, 0, -196616, 0, 0, -196612, 0, 0, -196611, 0, 0, -196610, 0, 0, -262140, 0, 0, -262136, 0, 0, -262133, 0, 0, -262113, 0, 0, -131080, 0, 0, -131074, 0, 0, -196604, 0, 0, -196600, 0, 0, -196597, 0, 0, -196577, 0, 0, -65544, 0, 0, -65543, 0, 0, -65538, 0, 0, -131068, 0, 0, -131066, 0, 0, -131065, 0, 0, -131064, 0, 0, -131061, 0, 0, -131041, 0, 0, -8, 0, 0, -2, 0, 0, -1, 0, 0, -65536, 0, 0, -65535, 0, 0, -65534, 0, 0, -65533, 0, 0, -65532, 0, 0, -65529, 0, 0, -65528, 0, 0, -65527, 0, 0, -65526, 0, 0, -65525, 0, 0, -65524, 0, 0, -65523, 0, 0, -65522, 0, 0, -65521, 0, 0, -65518, 0, 0, -65516, 0, 0, -65513, 0, 0, -65512, 0, 0, -65505, 0, 0, 65528, 0, 0, 4, 0, 0, 7, 0, 0, 31, 0, 0, 131064, 0, 0, 65540, 0, 0, 65543, 0, 0, 65562, 0, 0, 65563, 0, 0, 65567, 0, 0, 196600, 0, 0, 196604, 0, 0, 196605, 0, 0, 196606, 0, 0, 196607, 0, 0, 131072, 0, 0, 131073, 0, 0, 131074, 0, 0, 131075, 0, 0, 131076, 0, 0, 131079, 0, 0, 131103, 0, 0, 262136, 0, 0, 262137, 0, 0, 262140, 0, 0, 196615, 0, 0, 196616, 0, 0, 196617, 0, 0, 196618, 0, 0, 196619, 0, 0, 196637, 0, 0, 196638, 0, 0, 196639, 0, 0, 327672, 0, 0, 327676, 0, 0, 262153, 0, 0, 262159, 0, 0, 262175, 0, 0, 393208, 0, 0, 393212, 0, 0, 327689, 0, 0, 327695, 0, 0, 327699, 0, 0, 327700, 0, 0, 327701, 0, 0, 327704, 0, 0, 327705, 0, 0, 327706, 0, 0, 327707, 0, 0, 327708, 0, 0, 327709, 0, 0, 327710, 0, 0, 327711, 0, 0, 458744, 0, 0, 458748, 0, 0, 393231, 0, 0, 393240, 0, 0, 393247, 0, 0, 524280, 0, 0, 524283, 0, 0, 524284, 0, 0, 524285, 0, 0, 524286, 0, 0, 458757, 0, 0, 458758, 0, 0, 458767, 0, 0, 458768, 0, 0, 458769, 0, 0, 458770, 0, 0, 458771, 0, 0, 458772, 0, 0, 458776, 0, 0, 458783, 0, 0, 589816, 0, 0, 524288, 0, 0, 524290, 0, 0, 524297, 0, 0, 524312, 0, 0, 524319, 0, 0, 655352, 0, 0, 655353, 0, 0, 655355, 0, 0, 655356, 0, 0, 655357, 0, 0, 655358, 0, 0, 655359, 0, 0, 589824, 0, 0, 589826, 0, 0, 589827, 0, 0, 589828, 0, 0, 589829, 0, 0, 589830, 0, 0, 589831, 0, 0, 589832, 0, 0, 589833, 0, 0, 589834, 0, 0, 589835, 0, 0, 589836, 0, 0, 589837, 0, 0, 589838, 0, 0, 589839, 0, 0, 589840, 0, 0, 589841, 0, 0, 589842, 0, 0, 589843, 0, 0, 589844, 0, 0, 589845, 0, 0, 589846, 0, 0, 589847, 0, 0, 589848, 0, 0, 589849, 0, 0, 589850, 0, 0, 589851, 0, 0, 589855, 0, 0, 720888, 0, 0, 655364, 0, 0, 655368, 0, 0, 655372, 0, 0, 655376, 0, 0, 655383, 0, 0, 655391, 0, 0, 786424, 0, 0, 786425, 0, 0, 786426, 0, 0, 720925, 0, 0, 720926, 0, 0, 720927, 0, 0, 851960, 0, 0, 851966, 0, 0, 786436, 0, 0, 786440, 0, 0, 786444, 0, 0, 786448, 0, 0, 786455, 0, 0, 786463, 0, 0, 917496, 0, 0, 917497, 0, 0, 917498, 0, 0, 917499, 0, 0, 917500, 0, 0, 917501, 0, 0, 917502, 0, 0, 917503, 0, 0, 851968, 0, 0, 851969, 0, 0, 851970, 0, 0, 851971, 0, 0, 851972, 0, 0, 851973, 0, 0, 851974, 0, 0, 851975, 0, 0, 851976, 0, 0, 851977, 0, 0, 851978, 0, 0, 851979, 0, 0, 851980, 0, 0, 851981, 0, 0, 851982, 0, 0, 851983, 0, 0, 851984, 0, 0, 851985, 0, 0, 851986, 0, 0, 851987, 0, 0, 851988, 0, 0, 851989, 0, 0, 851990, 0, 0, 851991, 0, 0, 851992, 0, 0, 851993, 0, 0, 851994, 0, 0, 851995, 0, 0, 851996, 0, 0, 851997, 0, 0, 851998, 0, 0, 851999, 0, 0 )

[node name="Enemies" type="Node" parent="."]
editor/display_folded = true

[node name="Enemy" parent="Enemies" instance=ExtResource( 3 )]
position = Vector2( 223.553, 531.035 )

[node name="Enemy2" parent="Enemies" instance=ExtResource( 3 )]
position = Vector2( 840.937, 534.709 )

[node name="Enemy14" parent="Enemies" instance=ExtResource( 3 )]
position = Vector2( 1055.28, 533.852 )

[node name="Enemy15" parent="Enemies" instance=ExtResource( 3 )]
position = Vector2( 1190.75, 534.709 )

[node name="Enemy16" parent="Enemies" instance=ExtResource( 3 )]
position = Vector2( 1252.48, 536.424 )

[node name="Enemy17" parent="Enemies" instance=ExtResource( 3 )]
position = Vector2( 1114.44, 538.996 )

[node name="Enemy18" parent="Enemies" instance=ExtResource( 3 )]
position = Vector2( 746.626, 526.993 )

[node name="Enemy19" parent="Enemies" instance=ExtResource( 3 )]
position = Vector2( 1192.63, 797.183 )

[node name="Enemy20" parent="Enemies" instance=ExtResource( 3 )]
position = Vector2( 1411.2, 793.482 )

[node name="Enemy21" parent="Enemies" instance=ExtResource( 3 )]
position = Vector2( 1723.75, 787.93 )

[node name="Enemy22" parent="Enemies" instance=ExtResource( 3 )]
position = Vector2( 1925.47, 650.984 )

[node name="Enemy3" parent="Enemies" instance=ExtResource( 3 )]
position = Vector2( -144.781, 540.361 )

[node name="Enemy4" parent="Enemies" instance=ExtResource( 3 )]
position = Vector2( -247.904, 524.456 )

[node name="Enemy5" parent="Enemies" instance=ExtResource( 3 )]
position = Vector2( 90.4362, 73.3356 )

[node name="Enemy6" parent="Enemies" instance=ExtResource( 3 )]
position = Vector2( -53.1023, 69.2344 )

[node name="Enemy10" parent="Enemies" instance=ExtResource( 3 )]
position = Vector2( -141.713, 71.5065 )

[node name="Enemy7" parent="Enemies" instance=ExtResource( 3 )]
position = Vector2( -403.843, -170.941 )

[node name="Enemy8" parent="Enemies" instance=ExtResource( 3 )]
position = Vector2( -419.747, 147.15 )

[node name="Enemy9" parent="Enemies" instance=ExtResource( 3 )]
position = Vector2( -188.354, 789.549 )

[node name="Enemy11" parent="Enemies" instance=ExtResource( 3 )]
position = Vector2( 385.644, 796.724 )

[node name="Enemy12" parent="Enemies" instance=ExtResource( 3 )]
position = Vector2( 663.077, 782.374 )

[node name="Enemy13" parent="Enemies" instance=ExtResource( 3 )]
position = Vector2( 942.901, 799.116 )

[node name="Enemy23" parent="Enemies" instance=ExtResource( 3 )]
position = Vector2( 1288.8, 265.993 )

[node name="Enemy24" parent="Enemies" instance=ExtResource( 3 )]
position = Vector2( 1247.54, -113.223 )

[node name="Enemy25" parent="Enemies" instance=ExtResource( 3 )]
position = Vector2( 968.288, -110.049 )

[node name="Enemy26" parent="Enemies" instance=ExtResource( 3 )]
position = Vector2( 1529.97, -105.289 )

[node name="Enemy27" parent="Enemies" instance=ExtResource( 3 )]
position = Vector2( 1723.55, 24.8183 )

[node name="Enemy28" parent="Enemies" instance=ExtResource( 3 )]
position = Vector2( 1929.81, 142.232 )

[node name="Enemy29" parent="Enemies" instance=ExtResource( 3 )]
position = Vector2( 1815.57, 264.406 )

[node name="Enemy30" parent="Enemies" instance=ExtResource( 3 )]
position = Vector2( 1650.56, 275.513 )

[node name="Enemy31" parent="Enemies" instance=ExtResource( 3 )]
position = Vector2( 1168.21, 394.514 )

[node name="Upgrades" type="Node" parent="."]
editor/display_folded = true

[node name="Jump" parent="Upgrades" instance=ExtResource( 4 )]
position = Vector2( 378.798, 545.983 )
upgrade_name = "Jump"
asset = ExtResource( 5 )

[node name="Attack" parent="Upgrades" instance=ExtResource( 4 )]
position = Vector2( 1648.1, 508.168 )
upgrade_name = "Attack"
asset = ExtResource( 6 )

[node name="DoubleJump" parent="Upgrades" instance=ExtResource( 4 )]
position = Vector2( 838.233, -132.498 )
upgrade_name = "DoubleJump"
asset = ExtResource( 7 )

[node name="EndGoal" parent="Upgrades" instance=ExtResource( 4 )]
position = Vector2( 639.09, -134.446 )
upgrade_name = "EndGoal"
asset = ExtResource( 8 )

[node name="Destroyables" type="Node" parent="."]
editor/display_folded = true

[node name="DestroyableWall" parent="Destroyables" instance=ExtResource( 9 )]
position = Vector2( 608, 480 )

[node name="DestroyableWall2" parent="Destroyables" instance=ExtResource( 9 )]
position = Vector2( 608, 416 )

[node name="DestroyableWall3" parent="Destroyables" instance=ExtResource( 9 )]
position = Vector2( 992, 544 )

[node name="DestroyableWall4" parent="Destroyables" instance=ExtResource( 9 )]
position = Vector2( 1312, 544 )

[node name="Player" parent="." instance=ExtResource( 10 )]
editor/display_folded = true
position = Vector2( 411.495, -235.405 )
z_index = 1
moveSpeed = 200

[node name="Camera2D" type="Camera2D" parent="Player"]
current = true
drag_margin_h_enabled = false
smoothing_enabled = true
smoothing_speed = 30.0
editor_draw_screen = false
editor_draw_drag_margin = true

[node name="CanvasLayer" type="CanvasLayer" parent="."]
editor/display_folded = true

[node name="HP Bar" type="Node2D" parent="CanvasLayer"]
editor/display_folded = true
script = ExtResource( 11 )
full_heart = ExtResource( 12 )
empty_heart = ExtResource( 13 )

[node name="Sprite" type="Sprite" parent="CanvasLayer/HP Bar"]
position = Vector2( 20, 20 )
texture = ExtResource( 12 )

[node name="Sprite2" type="Sprite" parent="CanvasLayer/HP Bar"]
position = Vector2( 52, 20 )
texture = ExtResource( 12 )

[node name="Sprite3" type="Sprite" parent="CanvasLayer/HP Bar"]
position = Vector2( 84, 20 )
texture = ExtResource( 12 )

[node name="ColorRect" type="ColorRect" parent="CanvasLayer"]
editor/display_folded = true
visible = false
margin_left = -48.0
margin_top = -34.0
margin_right = 1055.0
margin_bottom = 643.0
color = Color( 0, 0, 0, 0 )

[node name="AnimationPlayer" type="AnimationPlayer" parent="CanvasLayer/ColorRect"]
anims/CanJump = SubResource( 3 )
anims/FadeToBlack = SubResource( 4 )
anims/FadeToTranspart = SubResource( 5 )

[node name="YouDied" type="RichTextLabel" parent="CanvasLayer"]
visible = false
anchor_top = 0.5
anchor_right = 1.0
anchor_bottom = 0.5
margin_top = -58.0
margin_bottom = 33.0
custom_fonts/normal_font = SubResource( 6 )
bbcode_enabled = true
bbcode_text = "[center]You Died![/center]"
text = "You Died!"

[node name="Welcome" type="RichTextLabel" parent="CanvasLayer"]
visible = false
anchor_top = 0.5
anchor_right = 1.0
anchor_bottom = 0.5
margin_top = -58.0
margin_bottom = 33.0
custom_fonts/normal_font = SubResource( 6 )
bbcode_enabled = true
bbcode_text = "[center]Welcome to Nothing.[/center]"
text = "Welcome to Nothing."

[node name="CanJump" type="RichTextLabel" parent="CanvasLayer"]
visible = false
anchor_top = 0.5
anchor_right = 1.0
anchor_bottom = 0.5
margin_left = -1.22772
margin_top = -261.101
margin_right = -1.22772
margin_bottom = -113.101
custom_fonts/normal_font = SubResource( 6 )
bbcode_enabled = true
bbcode_text = "[center]You can Now Jump.
[Space] or [Controller A][/center]"
text = "You can Now Jump.
[Space] or [Controller A]"

[node name="CanDoubleJump" type="RichTextLabel" parent="CanvasLayer"]
visible = false
anchor_top = 0.5
anchor_right = 1.0
anchor_bottom = 0.5
margin_left = -1.22772
margin_top = -261.101
margin_right = -1.22772
margin_bottom = -113.101
custom_fonts/normal_font = SubResource( 6 )
bbcode_enabled = true
bbcode_text = "[center]You can Now Double Jump.
[Space] or [Controller A][/center]"
text = "You can Now Double Jump.
[Space] or [Controller A]"

[node name="CanAttack" type="RichTextLabel" parent="CanvasLayer"]
visible = false
anchor_top = 0.5
anchor_right = 1.0
anchor_bottom = 0.5
margin_left = -1.22772
margin_top = -261.101
margin_right = -1.22772
margin_bottom = -113.101
custom_fonts/normal_font = SubResource( 6 )
bbcode_enabled = true
bbcode_text = "[center]You can Now Attaack.
[X] or [Controller X][/center]"
text = "You can Now Attaack.
[X] or [Controller X]"

[node name="StartOver" type="Button" parent="CanvasLayer"]
visible = false
anchor_left = 0.5
anchor_top = 1.0
anchor_right = 0.5
anchor_bottom = 1.0
margin_left = -100.0
margin_top = -150.0
margin_right = 100.0
margin_bottom = -100.0
custom_fonts/font = SubResource( 7 )
text = "Start Over"

[node name="Quit" type="Button" parent="CanvasLayer"]
visible = false
anchor_left = 0.5
anchor_top = 1.0
anchor_right = 0.5
anchor_bottom = 1.0
margin_left = -100.0
margin_top = -75.0
margin_right = 100.0
margin_bottom = -25.0
custom_fonts/font = SubResource( 7 )
text = "Quit"

[node name="ParallaxBackground" parent="." instance=ExtResource( 15 )]

[node name="ClearAbilityMessage" type="Timer" parent="."]
wait_time = 2.0
one_shot = true

[node name="Music" type="AudioStreamPlayer" parent="."]
stream = ExtResource( 16 )
volume_db = -10.0
autoplay = true
[connection signal="hpChange" from="Player" to="CanvasLayer/HP Bar" method="_on_Player_hpChange"]
[connection signal="hpChange" from="Player" to="." method="_on_Player_hpChange"]
[connection signal="newAbility" from="Player" to="." method="_on_Player_newAbility"]
[connection signal="button_down" from="CanvasLayer/StartOver" to="." method="_on_StartOver_button_down"]
[connection signal="button_down" from="CanvasLayer/Quit" to="." method="_on_Quit_button_down"]
[connection signal="timeout" from="ClearAbilityMessage" to="." method="_on_ClearAbilityMessage_timeout"]
